@article{Berriman_2011,
  doi = {10.1145/2043174.2043190},
  url = {http://dx.doi.org/10.1145/2043174.2043190},
  year = {2011},
  month = {dec},
  publisher = {Association for Computing Machinery ({ACM})},
  volume = {54},
  number = {12},
  pages = {52},
  author = {G. Bruce Berriman and Steven L. Groom},
  title = {{How will astronomy archives survive the data tsunami?}},
  journal = {Commun. {ACM}},
}
